<record><leader>00000cas a22000007a 4500</leader><controlfield tag="001">19467133</controlfield><controlfield tag="008">890328c19579999iduwr ne      0    0eng d</controlfield><datafield ind1=" " ind2=" " tag="010"><subfield code="a">sn 89055081 </subfield></datafield><datafield ind1=" " ind2=" " tag="040"><subfield code="a">NVB</subfield><subfield code="b">eng</subfield><subfield code="c">NVB</subfield><subfield code="d">DLC</subfield><subfield code="d">OCL</subfield><subfield code="d">OCLCQ</subfield><subfield code="d">OCLCF</subfield><subfield code="d">OCLCO</subfield></datafield><datafield ind1=" " ind2=" " tag="019"><subfield code="a">19350217</subfield></datafield><datafield ind1="1" ind2=" " tag="029"><subfield code="a">AU@</subfield><subfield code="b">000025904792</subfield></datafield><datafield ind1=" " ind2=" " tag="042"><subfield code="a">msc</subfield></datafield><datafield ind1="0" ind2=" " tag="130"><subfield code="a">Lewis County herald (Nezperce, Idaho)</subfield></datafield><datafield ind1="0" ind2="0" tag="245"><subfield code="a">Lewis County herald.</subfield></datafield><datafield ind1=" " ind2=" " tag="260"><subfield code="a">Nezperce, Idaho :</subfield><subfield code="b">E.A. Conger</subfield></datafield><datafield ind1=" " ind2=" " tag="300"><subfield code="a">v.</subfield></datafield><datafield ind1=" " ind2=" " tag="310"><subfield code="a">Weekly</subfield></datafield><datafield ind1="0" ind2=" " tag="362"><subfield code="a">Vol. 61, no. 1 (Apr. 18, 1957)-</subfield></datafield><datafield ind1=" " ind2="0" tag="651"><subfield code="a">Nezperce (Idaho)</subfield><subfield code="v">Newspapers.</subfield></datafield><datafield ind1=" " ind2="7" tag="655"><subfield code="a">Newspapers.</subfield><subfield code="2">fast</subfield><subfield code="0">(OCoLC)fst01423814</subfield></datafield><datafield ind1=" " ind2="7" tag="651"><subfield code="a">Idaho</subfield><subfield code="z">Nezperce.</subfield><subfield code="2">fast</subfield><subfield code="0">(OCoLC)fst01223684</subfield></datafield><datafield ind1=" " ind2=" " tag="752"><subfield code="a">United States</subfield><subfield code="b">Idaho</subfield><subfield code="c">Lewis</subfield><subfield code="d">Nezperce.</subfield></datafield><datafield ind1="0" ind2="4" tag="780"><subfield code="t">Nezperce herald</subfield><subfield code="w">(DLC)sn 89055082</subfield></datafield><datafield ind1="0" ind2="4" tag="780"><subfield code="t">Lewis County register</subfield><subfield code="w">(DLC)sn 88056173</subfield></datafield></record>